@techreport{Corrigan2002,
author = {Steve Corrigan},
title = {Introduction to the Controller Area Network (CAN)},
year = {2002},
institution = {Texas Instruments}
}

@inproceedings{Lin2012,
author = {Chung Wei Lin and Alberto Sangiovanni-Vincentelli},
doi = {10.1109/CyberSecurity.2012.7},
isbn = {9780769550145},
journal = {Proceedings of the 2012 ASE International Conference on Cyber Security, CyberSecurity 2012},
pages = {1-7},
publisher = {IEEE Computer Society},
title = {Cyber-security for the Controller Area Network (CAN) communication protocol},
year = {2012}
}

@article{Dtudnia2018,
  title={A language-based intrusion detection approach for automotive embedded networks},
  author={Studnia, Ivan and Alata, Eric and Nicomette, Vincent and Ka{\^a}niche, Mohamed and Laarouchi, Youssef},
  journal={International Journal of Embedded Systems},
  volume={10},
  number={1},
  pages={1--12},
  year={2018},
  publisher={Inderscience Publishers (IEL)}
}

@techreport{Mawonde2018,
author = {Kudakwashe Mawonde and Bassey Isong and Francis Lugayizi and Adnan M Abu-Mahfouz},
keywords = {Attacks,Security System,Theft,Vehicle},
title = {A Survey on Vehicle Security Systems: Approaches and Technologies; A Survey on Vehicle Security Systems: Approaches and Technologies},
year = {2018}
}

@inproceedings{Furst2016,
author = {Simon Furst and Markus Bechter},
doi = {10.1109/DSN-W.2016.24},
isbn = {9781467388917},
journal = {Proceedings - 46th Annual IEEE/IFIP International Conference on Dependable Systems and Networks, DSN-W 2016},
keywords = {AUTOSAR,Adaptive Platform,Software framework,automotive software standard,dynamic architecture},
month = {9},
pages = {215-217},
publisher = {Institute of Electrical and Electronics Engineers Inc.},
title = {AUTOSAR for Connected and Autonomous Vehicles: The AUTOSAR Adaptive Platform},
year = {2016}
}

@techreport{Haq2015,
author = {Nutan Farah Haq and Abdur Rahman Onik and Md Avishek and Khan Hridoy and Musharrat Rafni and Faisal Muhammad Shah and Dewan Md Farid},
issue = {3},
journal = {IJARAI) International Journal of Advanced Research in Artificial Intelligence},
keywords = {Classifiers,Dataset,Ensemble,Feature Selection,Hybrid,Intrusion detection,Survey},
title = {Application of Machine Learning Approaches in Intrusion Detection System: A Survey},
volume = {4},
url = {www.ijarai.thesai.org},
year = {2015}
}

@article{Liao2013,
author = {Hung Jen Liao and Chun Hung Richard Lin and Ying Chih Lin and Kuang Yuan Tung},
doi = {10.1016/j.jnca.2012.09.004},
issn = {10848045},
issue = {1},
journal = {Journal of Network and Computer Applications},
keywords = {Anomaly,Intrusion detection,Misuse},
month = {1},
pages = {16-24},
title = {Intrusion detection system: A comprehensive review},
volume = {36},
year = {2013},
publisher={Elsevier}
}

@inproceedings{Holle,
  title={Open platforms on the way to automotive practice},
  author={Holle, Jan and Groll, Andr{\'e} and Ruland, Christoph and Cankaya, Hakan and Wolf, Marko},
  booktitle={8th ITS European Congress},
  pages={130},
  year={2011}
}

@article{Takahashi2017,
author = {Junko Takahashi and Yosuke Aragane and Toshiyuki Miyazawa and Hitoshi Fuji and Hirofumi Yamashita and Keita Hayakawa and Shintarou Ukai and Hiroshi Hayakawa},
doi = {10.2197/ipsjjip.25.220},
issn = {18826652},
journal = {Journal of Information Processing},
keywords = {Error handling mechanism,In-vehicle protocol,LIN,Vehicle security},
month = {2},
pages = {220-228},
publisher = {Information Processing Society of Japan},
title = {Automotive attacks and countermeasures on LIN-Bus},
volume = {25},
year = {2017},
}

@article{Zhang2014,
author = {Tao Zhang and Helder Antunes and Siddhartha Aggarwal},
doi = {10.1109/JIOT.2014.2302386},
issn = {23274662},
issue = {1},
journal = {IEEE Internet of Things Journal},
keywords = {Antivirus,connected cars,connected vehicles,intelligent transportation system (ITS) malware defense,security,threat defense,vehicle communications,vehicle networks,virus},
month = {2},
pages = {10-21},
publisher = {Institute of Electrical and Electronics Engineers Inc.},
title = {Defending connected vehicles against malware: Challenges and a solution framework},
volume = {1},
year = {2014},
}

@inproceedings{Fowler2019,
author = {Daniel S. Fowler and Jeremy Bryans and Madeline Cheah and Paul Wooderson and Siraj A. Shaikh},
doi = {10.1109/QRS-C.2019.00015},
isbn = {9781728139258},
journal = {Proceedings - Companion of the 19th IEEE International Conference on Software Quality, Reliability and Security, QRS-C 2019},
keywords = {SAE J3061,automotive engineering,black-box testing,controller area network,cybersecurity testing,dynamic software testing,embedded systems,fuzz testing,system security},
month = {7},
pages = {1-8},
publisher = {Institute of Electrical and Electronics Engineers Inc.},
title = {A Method for Constructing Automotive Cybersecurity Tests, a CAN Fuzz Testing Example},
year = {2019},
}

@article{hoppe2009applying,
title={Applying intrusion detection to automotive it-early insights and remaining challenges},
author={Hoppe, Tobias and Kiltz, Stefan and Dittmann, Jana},
journal={Journal of Information Assurance and Security (JIAS)},
volume={4},
number={6},
pages={226--235},
year={2009}
}

@article{Lokman2019,
author = {Siti Farhana Lokman and Abu Talib Othman and Muhammad Husaini Abu-Bakar},
doi = {10.1186/s13638-019-1484-3},
issn = {16871499},
issue = {1},
journal = {EURASIP Journal on Wireless Communications and Networking},
keywords = {Attack surface,Automotive communication system,CAN bus system,In-vehicle,Intrusion detection system},
month = {12},
publisher = {Springer International Publishing},
title = {Intrusion detection system for automotive Controller Area Network (CAN) bus system: a review},
pages = {1--17},
volume = {2019},
year = {2019},
}

@article{Cheah2017,
author = {Madeline Cheah and Siraj A. Shaikh and Olivier Haas and Alastair Ruddle},
doi = {10.1016/j.vehcom.2017.02.008},
issn = {22142096},
journal = {Vehicular Communications},
keywords = {Automotive security,Bluetooth,Operational and field testing,Threat model,Wireless security},
month = {7},
pages = {8-18},
publisher = {Elsevier Inc.},
title = {Towards a systematic security evaluation of the automotive Bluetooth interface},
volume = {9},
year = {2017},
}

@article{Lombardi2021,
author = {Marco Lombardi and Francesco Pascale and Domenico Santaniello},
doi = {10.3390/info12020087},
issn = {20782489},
issue = {2},
journal = {Information (Switzerland)},
keywords = {E-health,Industry 4.0,Internet of Things,Machine to machine,Smart agriculture,Smart building,Smart city,Smart home,Smart vehicle},
month = {2},
pages = {1-21},
publisher = {MDPI AG},
title = {Internet of things: A general overview between architectures, protocols and applications},
volume = {12},
year = {2021},
}

@article{Siegel2018,
author = {Joshua E. Siegel and Dylan C. Erb and Sanjay E. Sarma},
doi = {10.1109/TITS.2017.2749459},
issn = {15249050},
issue = {8},
journal = {IEEE Transactions on Intelligent Transportation Systems},
keywords = {Connected vehicles,V2B,V2I,V2R,V2V,V2X,automotive applications,automotive electronics,automotive engineering,controller area network,intelligent transportation systems,road transportation,telematics,vehicle-to-everything,vehicle-to-infrastructure,vehicle-to-roadside,vehicle-to-vehicle,vehicular ad-hoc networks},
month = {8},
pages = {2391-2406},
publisher = {Institute of Electrical and Electronics Engineers Inc.},
title = {A survey of the connected vehicle Landscape - Architectures, enabling technologies, applications, and development areas},
volume = {19},
year = {2018},
}

@inproceedings{Studnia2013,
author = {Ivan Studnia and Vincent Nicomette and Eric Alata and Yves Deswarte and Mohamed Kaaniche and Youssef Laarouchi},
doi = {10.1109/DSNW.2013.6615528},
isbn = {9781479901814},
journal = {Proceedings of the International Conference on Dependable Systems and Networks},
title = {Survey on security threats and protection mechanisms in embedded automotive networks},
year = {2013},
}

@article{Burhan2018,
author = {Muhammad Burhan and Rana Asif Rehman and Bilal Khan and Byung Seo Kim},
doi = {10.3390/s18092796},
issn = {14248220},
issue = {9},
journal = {Sensors (Switzerland)},
keywords = {Internet of things (IoT),Layered architectures,Privacy,Protection methods,Secure architecture,Security,Security attacks},
month = {9},
pmid = {30149582},
publisher = {MDPI AG},
title = {IoT elements, layered architectures and security issues: A comprehensive survey},
volume = {18},
year = {2018},
}

@article{Young2019,
author = {Clinton Young and Joseph Zambreno and Habeeb Olufowobi and Gedare Bloom},
doi = {10.1109/MDAT.2019.2899062},
issn = {21682364},
issue = {6},
journal = {IEEE Design and Test},
keywords = {Controller area network,in-vehicle network,intrusion detection system},
month = {12},
pages = {48-55},
publisher = {IEEE Computer Society},
title = {Survey of automotive controller area network intrusion detection systems},
volume = {36},
year = {2019},
}

@article{Woo2015,
author={Woo, Samuel and Jo, Hyo Jin and Lee, Dong Hoon},
doi = {10.1109/TITS.2014.2351612},
issn = {15249050},
issue = {2},
journal = {IEEE Transactions on Intelligent Transportation Systems},
keywords = {Connected car,controller area network (CAN),in-vehicle network security,key management},
month = {4},
pages = {993-1006},
publisher = {Institute of Electrical and Electronics Engineers Inc.},
title = {A Practical Wireless Attack on the Connected Car and Security Protocol for In-Vehicle CAN},
volume = {16},
year = {2015},
}

@article{Markovitz2017,
author = {Moti Markovitz and Avishai Wool},
doi = {10.1016/j.vehcom.2017.02.005},
issn = {22142096},
journal = {Vehicular Communications},
keywords = {Anomaly detection,CAN bus,Communication architecture,Network layer issues,Security and privacy},
month = {7},
pages = {43-52},
publisher = {Elsevier Inc.},
title = {Field classification, modeling and anomaly detection in unknown CAN bus networks},
volume = {9},
year = {2017},
}

@article{Le2018,
author = {Van Huynh Le and Jerry den Hartog and Nicola Zannone},
doi = {10.1016/j.comcom.2018.09.010},
issn = {1873703X},
journal = {Computer Communications},
keywords = {Application,Automotive,Literature study,Platform,Privacy,Security},
month = {11},
pages = {17-41},
publisher = {Elsevier B.V.},
title = {Security and privacy for innovative automotive applications: A survey},
volume = {132},
year = {2018},
}

@article{Song2020,
author = {Hyun Min Song and Jiyoung Woo and Huy Kang Kim},
doi = {10.1016/j.vehcom.2019.100198},
issn = {22142096},
journal = {Vehicular Communications},
keywords = {Controller area network (CAN),Convolutional neural network (CNN),In-vehicle network,Intrusion detection},
month = {1},
publisher = {Elsevier Inc.},
title = {In-vehicle network intrusion detection using deep convolutional neural network},
volume = {21},
year = {2020},
}

@article{Olufowobi2019,
author = {Habeeb Olufowobi and Clinton Young and Joseph Zambreno and Gedare Bloom},
doi = {10.1109/tvt.2019.2961344},
issn = {0018-9545},
issue = {2},
journal = {IEEE Transactions on Vehicular Technology},
month = {12},
pages = {1484-1494},
publisher = {Institute of Electrical and Electronics Engineers (IEEE)},
title = {SAIDuCANT: Specification-Based Automotive Intrusion Detection Using Controller Area Network (CAN) Timing},
volume = {69},
year = {2019},
}

@article{Hasrouny2017,
author = {Hamssa Hasrouny and Abed Ellatif Samhat and Carole Bassil and Anis Laouiti},
doi = {10.1016/j.vehcom.2017.01.002},
issn = {22142096},
journal = {Vehicular Communications},
keywords = {Attacks classification,Security challenges,Security solutions,V2V communication,VANET},
month = {1},
pages = {7-20},
publisher = {Elsevier Inc.},
title = {VANet security challenges and solutions: A survey},
volume = {7},
year = {2017},
}

@article{Mauro2020,
author = {Mario Di Mauro and Giovanni Galatro and Antonio Liotta},
doi = {10.1109/TNSM.2020.3024225},
issn = {19324537},
issue = {4},
journal = {IEEE Transactions on Network and Service Management},
keywords = {Network intrusion detection,deep learning,network and security management,neural networks},
month = {12},
pages = {2480-2495},
publisher = {Institute of Electrical and Electronics Engineers Inc.},
title = {Experimental Review of Neural-Based Approaches for Network Intrusion Management},
volume = {17},
year = {2020},
}

@article{Buczak2016,
author = {Anna L. Buczak and Erhan Guven},
doi = {10.1109/COMST.2015.2494502},
issn = {1553877X},
issue = {2},
journal = {IEEE Communications Surveys and Tutorials},
keywords = {Cyber Analytics,Data Mining,Machine Learning},
month = {4},
pages = {1153-1176},
publisher = {Institute of Electrical and Electronics Engineers Inc.},
title = {A Survey of Data Mining and Machine Learning Methods for Cyber Security Intrusion Detection},
volume = {18},
year = {2016},
}

@article{Kim2021,
author = {Kyounggon Kim and Jun Seok Kim and Seonghoon Jeong and Jo Hee Park and Huy Kang Kim},
doi = {10.1016/j.cose.2020.102150},
issn = {01674048},
journal = {Computers and Security},
keywords = {Autonomous vehicle artificial intelligence security survey,Smart city,Smart mobility},
month = {4},
publisher = {Elsevier Ltd},
title = {Cybersecurity for autonomous vehicles: Review of attacks and defense},
volume = {103},
year = {2021},
}

@article{Kang2016,
author = {Min Joo Kang and Je Won Kang},
doi = {10.1371/journal.pone.0155781},
issn = {19326203},
issue = {6},
journal = {PLoS ONE},
month = {6},
pmid = {27271802},
publisher = {Public Library of Science},
title = {Intrusion detection system using deep neural network for in-vehicle network security},
volume = {11},
year = {2016},
}

@article{Pascale2021,
author = {Francesco Pascale and Ennio Andrea Adinolfi and Simone Coppola and Emanuele Santonicola},
doi = {10.3390/electronics10151765},
issn = {20799292},
issue = {15},
journal = {Electronics (Switzerland)},
keywords = {Automotive,Bayesian network,CAN‐bus,Cybersecurity,Embedded systems,Internet of Things,Intrusion detection system},
month = {8},
publisher = {MDPI AG},
title = {Cybersecurity in automotive: An intrusion detection system in connected vehicles},
volume = {10},
year = {2021},
}

@techreport{stachowski2019assessment,
title={An assessment method for automotive intrusion detection system performance},
author={Stachowski, Stephen and Gaynier, Ron and LeBlanc, David J and others},
year={2019},
institution={United States. Department of Transportation. National Highway Traffic Safety}
}

@misc{AvgCarAge,
author={ACEA},
title = {Average age of the EU vehicle fleet, by country},
howpublished = {\url{https://www.acea.auto/figure/average-age-of-eu-vehicle-fleet-by-country/}},
year = {2021},
month = {February},
note = {Accessed: 17 December 2021}
}

@misc{AvgPhoneAge,
key = {Statista},
title = {Average lifespan (replacement cycle length) of smartphones in the United States from 2014 to 2025},
howpublished = {\url{https://www.statista.com/statistics/619788/average-smartphone-life/}},
note = {Accessed: 17 December 2021}
}

@misc{AutomotiveNetworks,
title={Automotive Networking Technologies},
author={Colt Correa},
howpublished={\url{https://cdn.intrepidcs.net/events/Webinars/Automotive_Networking_Technologies_20200910.pdf}},
month={September},
year={2020}
}

@misc{CAN,
title={History of CAN technology},
howpublished={\url{https://www.can-cia.org/can-knowledge/can/can-history}},
author={CiA},
note={Accessed: 20 November 2021}
}

@misc{CAN_Merc,
title={Mercedes W140: First car with CAN},
howpublished={\url{https://can-newsletter.org/engineering/applications/160322_25th-anniversary-mercedes-w140-first-car-with-can}},
author={CiA},
month={March},
year={2016},
note={Accessed: 20 November 2021}
}

@inproceedings{kulandaivel2019canvas,
title={Canvas: Fast and inexpensive automotive network mapping},
author={Kulandaivel, Sekar and Goyal, Tushar and Agrawal, Arnav Kumar and Sekar, Vyas},
booktitle={28th $\{$USENIX$\}$ Security Symposium ($\{$USENIX$\}$ Security 19)},
pages={389--405},
year={2019}
}

@misc{LIN,
title = "Introduction to the Local Interconnect Network (LIN) Bus",
author = "National Instruments Corp",
key = {NI},
howpublished = "\url{https://www.ni.com/pt-pt/innovations/white-papers/09/introduction-to-the-local-interconnect-network--lin--bus.html}",
month = {October},
year = {2020},
note = "Accessed: 15 December 2021"
}

@misc{LIN_CSS,
title = "LIN Bus Explained - A Simple Intro [2021]",
author = "{CSS Electronics}",
howpublished = "\url{https://www.csselectronics.com/pages/lin-bus-protocol-intro-basics}",
year={2021},
note = "Accessed: 13 December 2021"
}

@misc{ibmDeepLearning,
title={Deep Learning},
author={IBM},
howpublished={\url{https://www.ibm.com/cloud/learn/deep-learning}},
month={May},
year={2020},
note={Accessed 24 January 2021}
}

@misc{ibmCNN,
title={Convolutional Neural Networks},
author={IBM},
howpublished={\url{https://www.ibm.com/cloud/learn/convolutional-neural-networks}},
month={October},
year={2020},
note={Accessed 24 January 2021}
}

@inproceedings{Ernst2018,
author = {Joseph M. Ernst and Alan J. Michaels},
doi = {10.1109/IECON.2018.8592744},
isbn = {9781509066841},
journal = {Proceedings: IECON 2018 - 44th Annual Conference of the IEEE Industrial Electronics Society},
month = {12},
pages = {2085-2090},
publisher = {Institute of Electrical and Electronics Engineers Inc.},
title = {LIN bus security analysis},
booktitle={IECON 2018-44th Annual Conference of the IEEE Industrial Electronics Society},
year = {2018},
}

@misc{FlexRayFreescale,
title = "FlexRay – A Communications Network for Automotive Control Systems",
howpublished = "\url{https://pdfs.semanticscholar.org/3d2b/f9238ae96046eb687eec5ac1a37c2c5007ae.pdf}",
author = "Rainer Makowitz",
year = 2006
}

@article{Huang2019,
 author = {Jun Huang and Mingli Zhao and Yide Zhou and Cong Cong Xing},
 doi = {10.1109/MNET.2018.1700448},
 issn = {1558156X},
 issue = {1},
 journal = {IEEE Network},
 month = {1},
 pages = {92-98},
 publisher = {Institute of Electrical and Electronics Engineers Inc.},
 title = {In-Vehicle Networking: Protocols, Challenges, and Solutions},
 volume = {33},
 year = {2019},
}

@misc{MOSTVector,
title = "Know-How \& Solutions for MOST",
howpublished = "\url{https://www.vector.com/int/en/know-how/most/#c21358}",
author = "Vector Informatik GmbH"
}

@misc{MOSTMicrochip,
title = "MOST® Technology",
howpublished = "\url{https://www.microchip.com/en-us/solutions/automotive-and-transportation/automotive-products/connectivity/most-technology}",
author = "Microchip"
}

@article{Bello2011,
author = "Lucia Lo Bello",
month = "December",
year = 2011,
journal = "SIGBED Review",
title = "The case for Ethernet in Automotive Communications",
volume = 8
}

@techreport{Richards2002,
author = "Pat Richards",
title = "A CAN Physical Layer Discussion",
institution = "Microchip Technology Inc.",
year = 2002
}

@article{Woo2016,
 author = {Samuel Woo and Hyo Jin Jo and In Seok Kim and Dong Hoon Lee},
 doi = {10.1109/TITS.2016.2519464},
 issn = {15249050},
 issue = {8},
 journal = {IEEE Transactions on Intelligent Transportation Systems},
 keywords = {ASIL,CAN-FD,Controller area network,ISO 26262,in-vehicle network security,key management},
 month = {8},
 pages = {2248-2261},
 publisher = {Institute of Electrical and Electronics Engineers Inc.},
 title = {A practical security architecture for in-vehicle CAN-FD},
 volume = {17},
 year = {2016},
}

@techreport{Cook2008,
 author = {J. A. Cook and J. S. Freudenberg},
 title = {Controller Area Network (CAN)},
 institution = {Electrical Engineering and Computer Science at University of Michigan},
 year = {2008}
}

@misc{CANFD,
title = "CAN FD Explained - A Simple Intro [2021]",
howpublished = "\url{https://www.csselectronics.com/pages/can-fd-flexible-data-rate-intro}",
author = "CSS Electronics",
year={2021},
note = "Accessed: 23 December 2021"
}

@inproceedings{Agrawal2019,
 author={Agrawal, Megha and Huang, Tianxiang and Zhou, Jianying and Chang, Donghoon},
 doi = {10.1007/978-3-030-16874-2_6},
 isbn = {9783030168735},
 issn = {16113349},
 journal = {Lecture Notes in Computer Science (including subseries Lecture Notes in Artificial Intelligence and Lecture Notes in Bioinformatics)},
 keywords = {CAN-FD (CAN with flexible data rate),Controller Area Network (CAN),Security of in-vehicle network},
 pages = {77-93},
 publisher = {Springer Verlag},
 title = {CAN-FD-Sec: Improving Security of CAN-FD Protocol},
 volume = {11552 LNCS},
 year = {2019},
 booktitle={Security and Safety Interplay of Intelligent Software Systems},
}

@techreport{Bosch2012,
 title = {CAN with Flexible Data-Rate Specification Version 1.0},
 month = {April},
 year = {2012},
 institution = {Robert Bosch GmbH},
 author = {Bosch}
}

@misc{CANFD_CiA,
title = "CAN FD - The basic idea",
howpublished = "\url{https://www.can-cia.org/can-knowledge/can/can-fd}",
author = "CAN in Automation",
note = "Accessed: 23 December 2021"
}

@techreport{VectorCANXL,
 author = {Oliver Garnatz and Peter Decker},
 title = {Transformational Change in Automotive Communication Systems},
 month = {July},
 year = {2020},
 institution = {Vector Informatik GmbH}
}

@techreport{BoschCANXL,
 author = {Bosch},
 institution={Robert Bosch GmbH},
 title = {CAN XL - The Next Step In CAN Evolution},
 month = {February},
 year = {2021},
}

@misc{CiACANXL,
 author = "CAN in Automation",
 howpublished = "\url{https://www.can-cia.org/can-knowledge/can/can-xl/}",
 note = "Accessed: 23 December 2021"
}

@incollection{Koscher2010,
  title={Experimental security analysis of a modern automobile},
  author={Koscher, Karl and Czeskis, Alexei and Roesner, Franziska and Patel, Shwetak and Kohno, Tadayoshi and Checkoway, Stephen and McCoy, Damon and Kantor, Brian and Anderson, Danny and Shacham, Hovav and others},
  booktitle={The Ethics of Information Technologies},
  pages={119--134},
  year={2020},
  publisher={Routledge}
}

@article{Nie2017,
  title={Free-fall: Hacking tesla from wireless to can bus},
  author={Nie, Sen and Liu, Ling and Du, Yuefeng},
  journal={Briefing, Black Hat USA},
  volume={25},
  pages={1--16},
  year={2017}
}

@inproceedings{Palanca2017,
  title={A stealth, selective, link-layer denial-of-service attack against automotive networks},
  author={Palanca, Andrea and Evenchick, Eric and Maggi, Federico and Zanero, Stefano},
  booktitle={International Conference on Detection of Intrusions and Malware, and Vulnerability Assessment},
  pages={185--206},
  year={2017},
  organization={Springer}
}

@inproceedings{francillon2011relay,
title={Relay attacks on passive keyless entry and start systems in modern cars},
author={Francillon, Aur{\'e}lien and Danev, Boris and Capkun, Srdjan},
booktitle={Proceedings of the Network and Distributed System Security Symposium (NDSS)},
year={2011},
organization={Eidgen{\"o}ssische Technische Hochschule Z{\"u}rich, Department of Computer Science}
}

@article{Cai2019,
  title={0-days \& mitigations: roadways to exploit and secure connected BMW cars},
  author={Cai, Zhiqiang and Wang, Aohui and Zhang, Wenkai and Gruffke, M and Schweppe, H},
  journal={Black Hat USA},
  volume={2019},
  pages={39},
  year={2019}
}

@article{Kargl2008,
 author = {Frank Kargl and Pangoitis Papadimitratos and Levente Buttyan and Michael Müter and Elmer Schoch and Njörn Wiedersheim and Ta Vinh Thong and Giorgio Calandriello and Albert Held and Antonio Kung and Jean Pierre Hubaux},
 doi = {10.1109/MCOM.2008.4689253},
 issn = {01636804},
 issue = {11},
 journal = {IEEE Communications Magazine},
 keywords = {Cryptography,Hardware,Privacy,Protocols,Safety,Security,Vehicles},
 pages = {110-118},
 title = {Secure vehicular communication systems: Implementation, performance, and research challenges - [Topics in automotive networking]},
 volume = {46},
 year = {2008},
}

@misc{PRESERVE,
author={PRESERVE},
title = {About PRESERVE},
howpublished = {\url{https://www.preserve-project.eu/www.preserve-project.eu/about.html}},
note = {Accessed: 30 November 2021}
}

@inproceedings{EVITA,
  title={Securing vehicular on-board it systems: The evita project},
  author={Henniger, Olaf and Ruddle, Alastair and Seudi{\'e}, Herv{\'e} and Weyl, Benjamin and Wolf, Marko and Wollinger, Thomas},
  booktitle={VDI/VW Automotive Security Conference},
  pages={41},
  year={2009}
}

@inproceedings{Herrewege2011,
  title={CANAuth-a simple, backward compatible broadcast authentication protocol for CAN bus},
  author={Van Herrewege, Anthony and Singelee, Dave and Verbauwhede, Ingrid},
  booktitle={ECRYPT Workshop on Lightweight Cryptography},
  volume={2011},
  pages={20},
  year={2011}
}

@article{Groza2018,
 author = {Bogdan Groza and Pal Stefan Murvay},
 doi = {10.1109/MVT.2017.2736344},
 issn = {15566072},
 issue = {1},
 journal = {IEEE Vehicular Technology Magazine},
 month = {3},
 pages = {40-47},
 publisher = {Institute of Electrical and Electronics Engineers Inc.},
 title = {Security Solutions for the Controller Area Network: Bringing Authentication to In-Vehicle Networks},
 volume = {13},
 year = {2018},
}

@inproceedings{Wolf2011,
  title={Design, implementation, and evaluation of a vehicular hardware security module},
  author={Wolf, Marko and Gendrullis, Timo},
  booktitle={International Conference on Information Security and Cryptology},
  pages={302--318},
  year={2011},
  organization={Springer}
}

@inproceedings{Taylor2016,
 author={Taylor, Adrian and Leblanc, Sylvain and Japkowicz, Nathalie},
 doi = {10.1109/DSAA.2016.20},
 isbn = {9781509052066},
 booktitle={2016 IEEE International Conference on Data Science and Advanced Analytics (DSAA)},
 keywords = {Anomaly detection,Automotive,Controller area network,LSTM},
 month = {12},
 pages = {130-139},
 publisher = {Institute of Electrical and Electronics Engineers Inc.},
 title = {Anomaly detection in automobile control network data with long short-term memory networks},
 year = {2016},
}

@inproceedings{taylor2015frequency,
  title={Frequency-based anomaly detection for the automotive CAN bus},
  author={Taylor, Adrian and Japkowicz, Nathalie and Leblanc, Sylvain},
  booktitle={2015 World Congress on Industrial Control Systems Security (WCICSS)},
  pages={45--49},
  year={2015},
  organization={IEEE}
}

@inproceedings{Song2016,
 doi = {10.1109/ICOIN.2016.7427089},
 isbn = {9781509017249},
 issn = {19767684},
 journal = {International Conference on Information Networking},
 keywords = {car seucirty,controller area network,intrusion detection system},
 month = {3},
 pages = {63-68},
 publisher = {IEEE Computer Society},
 title = {Intrusion detection system based on the analysis of time intervals of CAN messages for in-vehicle network},
 volume = {2016-March},
 year = {2016},
}

@inproceedings{Moore2017,
 doi = {10.1145/3064814.3064816},
 isbn = {9781450348553},
 journal = {ACM International Conference Proceeding Series},
 keywords = {Anomaly detection,CAN bus,In-vehicle security,Signal injection},
 month = {4},
 publisher = {Association for Computing Machinery},
 title = {Modeling inter-signal arrival times for accurate detection of CAN bus signal injection attacks: A data-driven approach to in-vehicle intrusion detection},
 year = {2017},
}

@book{ENISA,
 author = {European Network and Information Security Agency},
 key = {ENISA},
 isbn = {9789292041847},
 pages = {83},
 publisher = {ENISA},
 title = {Cyber security and resilience of smart cars good practices and recommendations},
 year = {2016},
}

@report{Haq2015,
 author = {Nutan Farah Haq and Abdur Rahman Onik and Md Avishek and Khan Hridoy and Musharrat Rafni and Faisal Muhammad Shah and Dewan Md Farid},
 issue = {3},
 journal = {IJARAI) International Journal of Advanced Research in Artificial Intelligence},
 keywords = {Classifiers,Dataset,Ensemble,Feature Selection,Hybrid,Intrusion detection,Survey},
 title = {Application of Machine Learning Approaches in Intrusion Detection System: A Survey},
 volume = {4},
 url = {www.ijarai.thesai.org},
 year = {2015},
}

@article{Shearer2000,
 author = {Colin Shearer},
 title = {The CRISP-DM model - The new blueprint for data mining},
 year = {2000},
 volume = {5},
 journal = {Journal of Data Warehousing},
 publisher = {The Data Warehousing Institute}
}

@misc{DSPA,
author={DSPA},
howpublished = {\url{https://www.datascience-pm.com/crisp-dm-2/}},
note = {Accessed: 2 January 2022}
}

@article{Handelman2019,
 author = {Guy S. Handelman and Hong Kuan Kok and Ronil V. Chandra and Amir H. Razavi and Shiwei Huang and Mark Brooks and Michael J. Lee and Hamed Asadi},
 doi = {10.2214/AJR.18.20224},
 issn = {15463141},
 issue = {1},
 journal = {American Journal of Roentgenology},
 keywords = {Artificial intelligence,Machine learning,Medicine,Supervised machine learning,Unsupervised machine learning},
 month = {1},
 pages = {38-43},
 pmid = {30332290},
 publisher = {American Roentgen Ray Society},
 title = {Peering into the black box of artificial intelligence: Evaluation metrics of machine learning methods},
 volume = {212},
 year = {2019},
}

@misc{Brownlee2021,
author = {Jason Brownlee},
howpublished = {\url{https://machinelearningmastery.com/regression-metrics-for-machine-learning/}},
year = {2021},
month = {February},
title = {Regression Metrics for Machine Learning},
note = {Accessed: 2 January 2022}
}

@article{Khraisat2019,
 author = {Ansam Khraisat and Iqbal Gondal and Peter Vamplew and Joarder Kamruzzaman},
 doi = {10.1186/s42400-019-0038-7},
 issn = {25233246},
 issue = {1},
 journal = {Cybersecurity},
 keywords = {Anomaly detection,Intrusion detection system,Machine learning,Malware,NSL_KDD},
 month = {12},
 publisher = {Springer Science and Business Media B.V.},
 title = {Survey of intrusion detection systems: techniques, datasets and challenges},
 volume = {2},
 year = {2019},
}

@article{Badr2014,
author = {Hssina, Badr and MERBOUHA, Abdelkarim and Ezzikouri, Hanane and Erritali, Mohammed},
year = {2014},
month = {07},
pages = {},
title = {A comparative study of decision tree ID3 and C4.5},
volume = {Special Issue on Advances in Vehicular Ad Hoc Networking and Applications},
journal = {(IJACSA) International Journal of Advanced Computer Science and Applications},
doi = {10.14569/SpecialIssue.2014.040203}
}

@misc{Maltby,
howpublished = {\url{https://brilliant.org/wiki/markov-chains/}},
author = {Henry Maltby and Worranat Pakornrat and Jeremy Jackson},
title = {Markov Chains},
note = {Accessed: 6 January 2022}
}

@misc{IBM,
howpublished = {\url{https://www.ibm.com/cloud/learn/unsupervised-learning}},
author = {IBM},
month = {September},
year = {2020},
title = {Common unsupervised learning approaches},
note = {Accessed: 6 January 2022}
}

@inproceedings{scalas2019automotive,
title={Automotive cybersecurity: Foundations for next-generation vehicles},
author={Scalas, Michele and Giacinto, Giorgio},
booktitle={2019 2nd International Conference on new Trends in Computing Sciences (ICTCS)},
pages={1--6},
year={2019},
organization={IEEE}
}

@inproceedings{mazloom2016security,
title={A security analysis of an in-vehicle infotainment and app platform},
author={Mazloom, Sahar and Rezaeirad, Mohammad and Hunter, Aaron and McCoy, Damon},
booktitle={10th $\{$USENIX$\}$ Workshop on Offensive Technologies ($\{$WOOT$\}$ 16)},
year={2016}
}

@misc{mirrorlink,
author={MirrorLink},
howpublished={\url{https://mirrorlink.com/}}
}

@inproceedings{rouf2010security,
title={Security and Privacy Vulnerabilities of In-Car Wireless Networks: A Tire Pressure Monitoring System Case Study.},
author={Rouf, Ishtiaq and Miller, Robert D and Mustafa, Hossen A and Taylor, Travis and Oh, Sangho and Xu, Wenyuan and Gruteser, Marco and Trappe, Wade and Seskar, Ivan},
booktitle={USENIX Security Symposium},
volume={10},
year={2010}
}

@article{miller2015remote,
title={Remote exploitation of an unaltered passenger vehicle},
author={Miller, Charlie and Valasek, Chris},
journal={Black Hat USA},
volume={2015},
number={S 91},
year={2015}
}

@inproceedings{nilsson2009first,
title={A first simulation of attacks in the automotive network communications protocol flexray},
author={Nilsson, Dennis K and Larson, Ulf E and Picasso, Francesco and Jonsson, Erland},
booktitle={Proceedings of the International Workshop on Computational Intelligence in Security for Information Systems CISIS’08},
pages={84--91},
year={2009},
organization={Springer}
}

@inproceedings{verdult2012gone,
title={Gone in 360 seconds: Hijacking with Hitag2},
author={Verdult, Roel and Garcia, Flavio D and Balasch, Josep},
booktitle={21st $\{$USENIX$\}$ Security Symposium ($\{$USENIX$\}$ Security 12)},
pages={237--252},
year={2012}
}

@inproceedings{garcia2016lock,
title={Lock it and still lose it—on the (in) security of automotive remote keyless entry systems},
author={Garcia, Flavio D and Oswald, David and Kasper, Timo and Pavlid{\`e}s, Pierre},
booktitle={25th $\{$USENIX$\}$ Security Symposium ($\{$USENIX$\}$ Security 16)},
year={2016}
}

@misc{toddbluelink,
title={R7-2017-02: Hyundai Blue Link Potential Info Disclosure (FIXED)},
howpublished={\url{https://www.rapid7.com/blog/post/2017/04/25/r7-2017-02-hyundai-blue-link-potential-info-disclosure-fixed/}},
author={Tod Beardsley},
year={2017},
month={April},
note={Accessed: 20 January 2022}
}

@article{pelkmans2003trends,
title={Trends in vehicle and fuel technologies: review of past trends},
author={Pelkmans, Luc and Hult{\'e}n, S and Cowan, Robin and Azkarate, G and Christidis, A},
journal={Inst. for Prospective Technologies Studies, JRC Report EUR 20746 EN},
year={2003}
}

@misc{bmwConnectedCar,
author={BMW AG},
key={BMW},
title={Connected Car. Its history, stages and terms},
howpublished={\url{https://www.bmw.com/en/innovation/connected-car.html}},
month={October},
year={2019},
note={Accessed: 22 January 2022}
}

@misc{sspiConnectedCar,
author={Space \& Satellite Professionals International},
key={SSPI},
title={The Connected Car},
howpublished={\url{https://www.sspi.org/cpages/the-connected-car}},
note={Accessed: 22 January 2022}
}

@misc{yahooCarSecurity,
author={Jill Petzinger},
title={Car execs unveil one of the biggest challenges for the industry},
howpublished={\url{https://uk.finance.yahoo.com/news/car-execs-unveil-one-of-the-biggest-challenges-for-the-industry-074006405.html?guccounter=1}},
month={November},
year={2019}
}

@misc{forbesSecurityCost,
author={Steve Tengler},
title={The Auto Industry’s ‘Safety At Any Cost’ Changes Daily, Especially For Cybersecurity},
howpublished={\url{https://www.forbes.com/sites/stevetengler/2020/09/29/the-auto-industrys-safety-at-any-cost-changes-daily-especially-for-cybersecurity/?sh=88662f372fb7}},
month={September},
year={2020}
}

@article{ahmad2021network,
  title={Network intrusion detection system: A systematic study of machine learning and deep learning approaches},
  author={Ahmad, Zeeshan and Shahid Khan, Adnan and Wai Shiang, Cheah and Abdullah, Johari and Ahmad, Farhan},
  journal={Transactions on Emerging Telecommunications Technologies},
  volume={32},
  number={1},
  pages={e4150},
  year={2021},
  publisher={Wiley Online Library}
}

@inproceedings{muter2011entropy,
  title={Entropy-based anomaly detection for in-vehicle networks},
  author={M{\"u}ter, Michael and Asaj, Naim},
  booktitle={2011 IEEE Intelligent Vehicles Symposium (IV)},
  pages={1110--1115},
  year={2011},
  organization={IEEE}
}

@inproceedings{song2016intrusion,
  title={Intrusion detection system based on the analysis of time intervals of CAN messages for in-vehicle network},
  author={Song, Hyun Min and Kim, Ha Rang and Kim, Huy Kang},
  booktitle={2016 international conference on information networking (ICOIN)},
  pages={63--68},
  year={2016},
  organization={IEEE}
}

@article{kang2016intrusion,
  title={Intrusion detection system using deep neural network for in-vehicle network security},
  author={Kang, Min-Joo and Kang, Je-Won},
  journal={PloS one},
  volume={11},
  number={6},
  pages={e0155781},
  year={2016},
  publisher={Public Library of Science San Francisco, CA USA}
}

@inproceedings{cho2016fingerprinting,
  title={Fingerprinting electronic control units for vehicle intrusion detection},
  author={Cho, Kyong-Tak and Shin, Kang G},
  booktitle={25th $\{$USENIX$\}$ Security Symposium ($\{$USENIX$\}$ Security 16)},
  pages={911--927},
  year={2016}
}

@inproceedings{marchetti2016evaluation,
  title={Evaluation of anomaly detection for in-vehicle networks through information-theoretic algorithms},
  author={Marchetti, Mirco and Stabili, Dario and Guido, Alessandro and Colajanni, Michele},
  booktitle={2016 IEEE 2nd International Forum on Research and Technologies for Society and Industry Leveraging a better tomorrow (RTSI)},
  pages={1--6},
  year={2016},
  organization={IEEE}
}

@inproceedings{lee2017otids,
  title={OTIDS: A novel intrusion detection system for in-vehicle network by using remote frame},
  author={Lee, Hyunsung and Jeong, Seong Hoon and Kim, Huy Kang},
  booktitle={2017 15th Annual Conference on Privacy, Security and Trust (PST)},
  pages={57--66},
  year={2017},
  organization={IEEE}
}

@inproceedings{narayanan2016obd_securealert,
  title={OBD\_SecureAlert: An anomaly detection system for vehicles},
  author={Narayanan, Sandeep Nair and Mittal, Sudip and Joshi, Anupam},
  booktitle={2016 IEEE International Conference on Smart Computing (SMARTCOMP)},
  pages={1--6},
  year={2016},
  organization={IEEE}
}

@inproceedings{weber2018embedded,
  title={Embedded hybrid anomaly detection for automotive CAN communication},
  author={Weber, Marc and Klug, Simon and Sax, Eric and Zimmer, Bastian},
  booktitle={9th European Congress on Embedded Real Time Software and Systems (ERTS 2018)},
  year={2018}
}

@article{wang2018distributed,
  title={A distributed anomaly detection system for in-vehicle network using HTM},
  author={Wang, Chundong and Zhao, Zhentang and Gong, Liangyi and Zhu, Likun and Liu, Zheli and Cheng, Xiaochun},
  journal={IEEE Access},
  volume={6},
  pages={9091--9098},
  year={2018},
  publisher={IEEE}
}

@inproceedings{larson2008approach,
  title={An approach to specification-based attack detection for in-vehicle networks},
  author={Larson, Ulf E and Nilsson, Dennis K and Jonsson, Erland},
  booktitle={2008 IEEE Intelligent Vehicles Symposium},
  pages={220--225},
  year={2008},
  organization={IEEE}
}

@techreport{ISO21434,
type = {Standard},
key = {ISO/SAE 21434:2021},
month = aug,
year = {2021},
title = {Road vehicles — Cybersecurity engineering},
address = {Geneva, CH},
institution = {International Organization for Standardization}
}

@techreport{ISO26262,
type = {Standard},
key = {ISO/SAE 26262:2011},
month = nov,
year = {2011},
title = {Road vehicles — Functional safety},
address = {Geneva, CH},
institution = {International Organization for Standardization}
}

@techreport{SAEJ3061,
key = {SAE J3061},
month = jan,
year = {2016},
title = {Cybersecurity Guidebook for Cyber-Physical Vehicle Systems},
doi = {\url{https://doi.org/10.4271/J3061_201601}},
institution = {Vehicle Cybersecurity Systems Engineering Committee}
}

@misc{CANDataset_OTIDS,
organization={Hacking and Countermeasure Research Lab},
key={HCRL},
title={CAN Dataset for intrusion detection (OTIDS)},
howpublished={\url{https://ocslab.hksecurity.net/Dataset/CAN-intrusion-dataset}},
year={2017}
}

@misc{CANDataset_Car-Hacking,
organization={Hacking and Countermeasure Research Lab},
key={HCRL},
title={Car-Hacking Dataset for the intrusion detection},
howpublished={\url{https://ocslab.hksecurity.net/Datasets/CAN-intrusion-dataset}},
month={January},
year={2020}
}

@misc{CANDataset_TUE,
organization={TU Eindhoven - Department of Mathematics and Computer Science},
key={TUE},
title={Automotive Controller Area Network (CAN) Bus Intrusion Dataset},
howpublished={\url{https://data.4tu.nl/articles/dataset/Automotive_Controller_Area_Network_CAN_Bus_Intrusion_Dataset/12696950/1}},
month={October},
year={2019}
}

@misc{CANDataset_IEEE,
organization={IEEE DataPort},
key={IEEE},
title={Car Hacking: Attack \& Defense Challenge 2020 Dataset},
howpublished={\url{https://ieee-dataport.org/keywords/controller-area-network}},
year={2020}
}

@misc{Scikit-learn-novelty_detection,
author={scikit-learn},
title={Novelty and Outlier Detection},
howpublished={\url{https://scikit-learn.org/stable/modules/outlier_detection.html}}
}

@article{pimentel2014review,
  title={A review of novelty detection},
  author={Pimentel, Marco AF and Clifton, David A and Clifton, Lei and Tarassenko, Lionel},
  journal={Signal processing},
  volume={99},
  pages={215--249},
  year={2014},
  publisher={Elsevier}
}

@misc{IBM_ParatericStatistics,
organization={IBM},
title={Statistics - parametric and nonparametric},
howpublished={\url{https://www.ibm.com/docs/en/db2woc?topic=procedures-statistics-parametric-nonparametric}},
year={2019}
}

@article{scholkopf1999,
  title={Support vector method for novelty detection},
  author={Sch{\"o}lkopf, Bernhard and Williamson, Robert C and Smola, Alex and Shawe-Taylor, John and Platt, John},
  journal={Advances in neural information processing systems},
  volume={12},
  year={1999}
}

@article{tax2004,
  title={Support vector data description},
  author={Tax, David MJ and Duin, Robert PW},
  journal={Machine learning},
  volume={54},
  number={1},
  pages={45--66},
  year={2004},
  publisher={Springer}
}

@article{platt1999,
  title={Probabilistic outputs for support vector machines and comparisons to regularized likelihood methods},
  author={Platt, John and others},
  journal={Advances in large margin classifiers},
  volume={10},
  number={3},
  pages={61--74},
  year={1999},
  publisher={Cambridge, MA}
}

@misc{JavaTpoint_SVM,
organization={JavaTpoint},
title={Support Vector Machine Algorithm},
howpublished={\url{https://www.javatpoint.com/machine-learning-support-vector-machine-algorithm}}
}

@article{tian2018ramp,
  title={Ramp loss one-class support vector machine; a robust and effective approach to anomaly detection problems},
  author={Tian, Yingjie and Mirzabagheri, Mahboubeh and Bamakan, Seyed Mojtaba Hosseini and Wang, Huadong and Qu, Qiang},
  journal={Neurocomputing},
  volume={310},
  pages={223--235},
  year={2018},
  publisher={Elsevier}
}

@article{miao2018distributed,
  title={Distributed online one-class support vector machine for anomaly detection over networks},
  author={Miao, Xuedan and Liu, Ying and Zhao, Haiquan and Li, Chunguang},
  journal={IEEE transactions on cybernetics},
  volume={49},
  number={4},
  pages={1475--1488},
  year={2018},
  publisher={IEEE}
}

@article{amraee2018abnormal,
  title={Abnormal event detection in crowded scenes using one-class SVM},
  author={Amraee, Somaieh and Vafaei, Abbas and Jamshidi, Kamal and Adibi, Peyman},
  journal={Signal, Image and Video Processing},
  volume={12},
  number={6},
  pages={1115--1123},
  year={2018},
  publisher={Springer}
}

@inproceedings{kang2021car,
  title={Car Hacking and Defense Competition on In-Vehicle Network},
  author={Kang, Hyunjae and Kwak, Byung Il and Lee, Young Hun and Lee, Haneol and Lee, Hwejae and Kim, Huy Kang},
  booktitle={Workshop on Automotive and Autonomous Vehicle Security (AutoSec)},
  volume={2021},
  pages={25},
  year={2021}
}

@article{Dupont2019,
  author = "Guillaume Dupont and Alexios Lekidis and J. (Jerry) den Hartog and S. (Sandro) Etalle",
  title = "{Automotive Controller Area Network (CAN) Bus Intrusion Dataset v2}",
  year = "2019",
  month = "11",
  url = "https://data.4tu.nl/articles/dataset/Automotive_Controller_Area_Network_CAN_Bus_Intrusion_Dataset/12696950",
  doi = "10.4121/uuid:b74b4928-c377-4585-9432-2004dfa20a5d"
} 

@misc{crysys,
howpublished = {\url{https://github.com/CrySyS/can-log-infector}},
author = {CrySyS Lab},
title = {CAN data infector}
}

@inproceedings{bounsiar2014one,
  title={One-class support vector machines revisited},
  author={Bounsiar, Abdenour and Madden, Michael G},
  booktitle={2014 International Conference on Information Science \& Applications (ICISA)},
  pages={1--4},
  year={2014},
  organization={IEEE}
}


@misc{infector,
howpublished = {\url{https://github.com/CrySyS/can-log-infector}},
author = {CrySyS Lab},
title = {CAN data infector}
}

@article{franke2017,
  title={Does this range suit me? Range satisfaction of battery electric vehicle users},
  author={Franke, Thomas and G{\"u}nther, Madlen and Trantow, Maria and Krems, Josef F},
  journal={Applied ergonomics},
  volume={65},
  pages={191--199},
  year={2017},
  publisher={Elsevier}
}

@misc{vwCombustion,
    howpublished={\url{https://www.auto123.com/en/news/volkswagen-ending-production-gas-diesel-engines-2026/65384/}},
    author={Daniel Rufiange},
    month={December},
    year={2018},
    note={Accessed: 14th of June, 2022}
}

@techreport{AUTOSAR_SecOC,
  author      = {AUTOSAR},
  title       = {Specification of Secure Onboard Communication},
  year        = {2017},
  number      = {654}
}

@article{shannon1948,
  title={A mathematical theory of communication},
  author={Shannon, Claude Elwood},
  journal={The Bell system technical journal},
  volume={27},
  number={3},
  pages={379--423},
  year={1948},
  publisher={Nokia Bell Labs}
}

@article{hamming1950,
  title={Error detecting and error correcting codes},
  author={Hamming, Richard W},
  journal={The Bell system technical journal},
  volume={29},
  number={2},
  pages={147--160},
  year={1950},
  publisher={Nokia Bell Labs}
}

@inproceedings{stabili2017,
  title={Detecting attacks to internal vehicle networks through Hamming distance},
  author={Stabili, Dario and Marchetti, Mirco and Colajanni, Michele},
  booktitle={2017 AEIT International Annual Conference},
  pages={1--6},
  year={2017},
  organization={IEEE}
}

@misc{autosar_arch,
  title={Autosar Classic},
  howpublished={\url{https://www.vector.com/int/en/know-how/autosar/autosar-classic/}},
  author={Vector}
}

@misc{autosar_adaptive_arch,
  title={Adaptive Platform},
  howpublished={\url{https://www.autosar.org/standards/adaptive-platform/}},
  author={AUTOSAR}
}

@techreport{autosar_adaptive_os,
  title={Specification of Operating System Interface},
  institution={AUTOSAR},
  year={2021},
  month={November}
}